@article{stokoe2005,
    title     = {Sign Language Structure: An Outline of the Visual Communication Systems of the American Deaf},
    author    = {Stokoe, Jr., William Clarence},
    year      = 2005,
    journal   = {The Journal of Deaf Studies and Deaf Education},
    publisher = {Oxford University Press},
    volume    = 10,
    number    = 1,
    pages     = {3--37}
}

@book{who2021,
    title     = {World Report on Hearing},
    author    = {World Health Organization},
    year      = 2021,
    publisher = {World Health Organization}
}

@article{rutkowski2016,
    title     = {Opisać język głuchych},
    author    = {Rutkowski, Paweł},
    year      = 2016,
    journal   = {Magazyn Polskiej Akademii Nauk \enquote{Academia}},
    publisher = {Polska Akademia Nauk},
    volume    = 4,
    number    = 48,
    pages     = {60--64}
}

@inproceedings{bragg2019,
    title     = {Sign Language Recognition, Generation, and Translation: An Interdisciplinary Perspective},
    author    = {Bragg, Danielle and Koller, Oscar and Bellard, Mary and Berke, Larwan and Boudreault, Patrick and Braffort, Annelies and Caselli, Naomi and Huenerfauth, Matt and Kacorri, Hernisa and Verhoef, Tessa and Vogler, Christian and Ringel Morris, Meredith},
    year      = 2019,
    booktitle = {Proceedings of the 21st International ACM SIGACCESS Conference on Computers and Accessibility},
    publisher = {Association for Computing Machinery},
    series    = {Assets '19},
    pages     = {16--31}
}

@misc{ustawa1992,
    title        = {Ustawa z dnia 29 grudnia 1992 r. o radiofonii i telewizji},
    note         = {Dz.U. 1993 nr 7 poz. 34},
    date         = 1992,
    organization = {Sejm Rzeczypospolitej Polskiej}
}

@article{teper2016,
    title     = {Głusi - na marginesie "świata słyszących"},
    author    = {Teper-Solarz, Zuzanna},
    year      = 2016,
    journal   = {Uniwersyteckie Czasopismo Socjologiczne},
    publisher = {Uniwersytet Kardynała Stefana Wyszyńskiego w Warszawie},
    number    = 14,
    pages     = {37--45}
}

@misc{rozporzadzenie2022,
    title        = {Rozporządzenie Krajowej Rady Radiofonii i Telewizji z dnia 13 kwietnia 2022 r. w sprawie udogodnień dla osób z niepełnosprawnościami w programach telewizyjnych},
    note         = {Dz.U. 2022 poz. 982},
    date         = 2022,
    organization = {Sejm Rzeczypospolitej Polskiej}
}

@article{perfetti2000,
    title   = {Reading Optimally Builds on Spoken Language: Implications for Deaf Readers},
    author  = {Perfetti, Charles and Sandak, Rebecca},
    year    = 2000,
    journal = {The Journal of Deaf Studies and Deaf Education},
    volume  = 5,
    number  = 1,
    pages   = {32--50}
}

@inproceedings{yin2020,
    title     = {Better Sign Language Translation with STMC-Transformer},
    author    = {Yin, Kayo and Read, Jesse},
    year      = 2020,
    booktitle = {Proceedings of the 28th International Conference on Computational Linguistics},
    publisher = {International Committee on Computational Linguistics},
    pages     = {5975--5989}
}

@article{stokoe1966,
    title     = {Linguistic description of sign language},
    author    = {Stokoe, Jr., William Clarence},
    year      = 1966,
    journal   = {Monograph Series on Language and Linguistics},
    publisher = {Georgetown University Press},
    volume    = 19,
    pages     = {243--250}
}

@book{hollak1879,
    title     = {Słownik mimiczny dla głuchoniemych i osób z nimi styczność mających},
    author    = {Hollak, Józef and Jagodziński, Teofil},
    year      = 1879,
    publisher = {Instytut Głuchoniemych i Ociemniałych}
}

@article{stokoe1980,
    title        = {Sign Language Structure},
    author       = {Stokoe, Jr., William Clarence},
    year         = 1980,
    publisher    = {Annual Reviews},
    volume       = 9,
    number       = 1,
    pages        = {365--390},
    journaltitle = {Annual Review of Anthropology}
}

@article{rutkowski2013,
    title     = {Jak powstaje korpus polskiego języka migowego (PJM)},
    author    = {Rutkowski, Paweł and Łozińska, Sylwia and Filipczak, Joanna and Łacheta, Joanna and Mostowski, Piotr},
    year      = 2013,
    journal   = {Polonica},
    publisher = {Instytut Języka Polskiego Polskiej Akademii Nauk},
    volume    = 33,
    pages     = {297--308}
}

@inproceedings{hanke2004,
    title     = {HamNoSys - Representing Sign Language Data in Language Resources and Language Processing Contexts},
    author    = {Hanke, Thomas},
    year      = 2004,
    booktitle = {Lrec},
    volume    = 4,
    pages     = {1--6}
}

@inproceedings{dafnis2022,
    title     = {Bidirectional Skeleton-Based Isolated Sign Recognition using Graph Convolutional Networks},
    author    = {Dafnis, Konstantinos M and Chroni, Evgenia and Neidle, Carol and Metaxas, Dimitri},
    year      = 2022,
    booktitle = {Proceedings of the Thirteenth Language Resources and Evaluation Conference},
    pages     = {7328--7338}
}

@inproceedings{choi2020,
    title     = {Pose2Mesh: Graph Convolutional Network for 3D Human Pose and Mesh Recovery from a 2D Human Pose},
    author    = {Choi, Hongsuk and Moon, Gyeongsik and Lee, Kyoung Mu},
    year      = 2020,
    booktitle = {16th European Conference on Computer Vision},
    publisher = {Springer},
    pages     = {769--787}
}

@article{lacheta2016,
    title   = {Korpusowy słownik polskiego języka migowego},
    author  = {Łacheta, Joanna and Czajkowska-Kisil, Małgorzata and Linde-Usiekniewicz, Jadwiga and Rutkowski, Paweł},
    year    = 2016,
    journal = {Wydział Polonistyki Uniwersytetu Warszawskiego},
    url     = {https://www.slownikpjm.uw.edu.pl}
}

@article{mcculloch1943,
    title     = {A logical calculus of the ideas immanent in nervous activity},
    author    = {McCulloch, Warren Sturgis and Pitts, Walter},
    year      = 1943,
    journal   = {The bulletin of mathematical biophysics},
    publisher = {Springer},
    volume    = 5,
    pages     = {115--133}
}

@article{rosenblatt1958,
    title     = {The perceptron: A probabilistic model for information storage and organization in the brain},
    author    = {Rosenblatt, Frank},
    year      = 1958,
    journal   = {Psychological Review},
    publisher = {American Psychological Association},
    volume    = 65,
    number    = 6,
    pages     = 386
}

@article{hubel1968,
    title   = {Receptive fields and functional architecture of monkey striate cortex},
    author  = {Hubel, David Hunter and Wiesel, Torsten Nils},
    year    = 1968,
    journal = {The Journal of Physiology},
    volume  = 195,
    number  = 1,
    pages   = {215--243}
}

@article{gu2018,
    title   = {Recent advances in convolutional neural networks},
    author  = {Jiuxiang Gu and Zhenhua Wang and Jason Kuen and Lianyang Ma and Amir Shahroudy and Bing Shuai and Ting Liu and Xingxing Wang and Gang Wang and Jianfei Cai and Tsuhan Chen},
    year    = 2018,
    journal = {Pattern Recognition},
    volume  = 77,
    pages   = {354--377}
}

@article{rastgoo2021,
    title     = {Sign Language Recognition: A Deep Survey},
    author    = {Rastgoo, Razieh and Kiani, Kourosh and Escalera, Sergio},
    year      = 2021,
    journal   = {Expert Systems with Applications},
    publisher = {Elsevier},
    volume    = 164,
    number    = 113794
}

@article{cheok2019,
    title     = {A review of hand gesture and sign language recognition techniques},
    author    = {Cheok, Ming Jin and Omar, Zaid and Jaward, Mohamed Hisham},
    year      = 2019,
    journal   = {International Journal of Machine Learning and Cybernetics},
    publisher = {Springer},
    volume    = 10,
    pages     = {131--153}
}

@article{hochreiter1997,
    title   = {Long Short-Term Memory},
    author  = {Hochreiter, Sepp and Schmidhuber, Jürgen},
    year    = 1997,
    journal = {Neural Computation},
    volume  = 9,
    number  = 8,
    pages   = {1735--1780}
}

@article{yu2019,
    title   = {A Review of Recurrent Neural Networks: LSTM Cells and Network Architectures},
    author  = {Yu, Yong and Si, Xiaosheng and Hu, Changhua and Zhang, Jianxun},
    year    = 2019,
    journal = {Neural Computation},
    volume  = 31,
    number  = 7,
    pages   = {1235--1270}
}

@article{lee2021,
    title     = {American sign language recognition and training method with recurrent neural network},
    author    = {Lee, Carman Ka Man and Ng, Kam Hung and Chen, Chun-Hsien and Lau, C.W., Henry and Chung, S.Y. and Tsoi, Tiffany},
    year      = 2021,
    journal   = {Expert Systems with Applications},
    publisher = {Elsevier},
    volume    = 167,
    number    = 114403
}

@misc{stackoverflow2023,
    title        = {Stack Overflow Annual Developer Survey},
    year         = 2023,
    url          = {https://survey.stackoverflow.co/2023/#technology-most-popular-technologies},
    organization = {Stack Overflow}
}

@book{vanRossum1995,
    title     = {Python Reference Manual},
    author    = {Van Rossum, Guido},
    year      = 1995,
    publisher = {Centrum voor Wiskunde en Informatica Amsterdam},
    volume    = 111
}

@article{severance2012,
    title     = {JavaScript: Designing a Language in 10 Days},
    author    = {Severance, Charles},
    year      = 2012,
    journal   = {Computer},
    publisher = {Institute of Electrical and Electronics Engineers},
    volume    = 45,
    number    = 2,
    pages     = {7--8}
}

@article{gruning2018,
    title     = {Bioconda: sustainable and comprehensive software distribution for the life sciences},
    author    = {Grüning, Björn and Dale, Ryan and Sjödin, Andreas and Chapman, Brad and Rowe, Jillian and Tomkins-Tinch, Christopher and Valieris, Renan and Köster, Johannes and Bioconda Team},
    year      = 2018,
    journal   = {Nature methods},
    publisher = {Nature Publishing Group US New York},
    volume    = 15,
    number    = 7,
    pages     = {475--476}
}
@article{tilkov2010,
    title     = {Node.js: Using JavaScript to Build High-Performance Network Programs},
    author    = {Tilkov, Stefan and Vinoski, Steve},
    year      = 2010,
    journal   = {IEEE Internet Computing},
    publisher = {Institute of Electrical and Electronics Engineers},
    volume    = 14,
    number    = 6,
    pages     = {80--83}
}

@misc{tensorflow2019,
    title        = {What's coming in TensorFlow 2.0},
    year         = 2019,
    url          = {https://blog.tensorflow.org/2019/01/whats-coming-in-tensorflow-2-0.html},
    organization = {TensorFlow}
}

@inproceedings{latendresse2022,
    title     = {Not All Dependencies are Equal: An Empirical Study on Production Dependencies in NPM},
    author    = {Latendresse, Jasmine and Mujahid, Suhaib and Costa, Diego Elias and Shihab, Emad},
    year      = 2022,
    booktitle = {Proceedings of the 37th IEEE/ACM International Conference on Automated Software Engineering},
    pages     = {1--12}
}

@inproceedings{vakunov2020,
    title     = {MediaPipe Hands: On-device Real-time Hand Tracking},
    author    = {Vakunov, Andrey and Chang, Chuo-Ling and Zhang, Fan and Sung, George and Grundmann, Matthias and Bazarevsky, Valentin},
    year      = 2020,
    booktitle = {CVPR Workshop on Computer Vision for Augmented and Virtual Reality},
    publisher = {Google Research}
}

@article{dietterich1995,
    title     = {Overfitting and Undercomputing in Machine Learning},
    author    = {Dietterich, Tom},
    year      = 1995,
    journal   = {ACM Computing Surveys},
    publisher = {Association for Computing Machinery},
    volume    = 27,
    number    = 3,
    pages     = {326--327}
}

@article{pal2023,
    title   = {On the Importance of Signer Overlap for Sign Language Detection},
    author  = {Pal, Abhilash and Huber, Stephan and Chaabani, Cyrine and Manzotti, Alessandro and Koller, Oscar},
    year    = 2023,
    journal = {arXiv preprint arXiv:2303.10782}
}

@inproceedings{deSisto2021,
    title     = {Defining meaningful units. Challenges in sign segmentation and segment-meaning mapping},
    author    = {De Sisto, Mirella and Shterionov, Dimitar and Murtagh, Irene and Vermeerbergen, Myriam and Leeson, Lorraine},
    year      = 2021,
    booktitle = {Proceedings of the 1st International Workshop on Automatic Translation for Signed and Spoken Languages},
    publisher = {Association for Machine Translation in the Americas},
    pages     = {98--103}
}

@inproceedings{lei2014,
    title     = {Performance Comparison and Evaluation of Web Development Technologies in PHP, Python, and Node.js},
    author    = {Lei, Kai and Ma, Yining and Tan, Zhi},
    year      = 2014,
    booktitle = {2014 IEEE 17th International Conference on Computational Science and Engineering},
    publisher = {Institute of Electrical and Electronics Engineers},
    pages     = {661--668}
}

@inproceedings{kingma2015,
    title     = {Adam: A Method for Stochastic Optimization},
    author    = {Kingma, Diederik and Ba, Jimmy},
    year      = 2015,
    booktitle = {3rd International Conference on Learning Representations}
}

@article{li2017,
    title     = {Hyperband: A Novel Bandit-Based Approach to Hyperparameter Optimization},
    author    = {Li, Lisha and Jamieson, Kevin and DeSalvo, Giulia and Rostamizadeh, Afshin and Talwalkar, Ameet},
    year      = 2017,
    journal   = {Journal of Machine Learning Research},
    publisher = {JMLR.org},
    volume    = 18,
    number    = 1,
    pages     = {6765--6816}
}

@article{hinton2012,
    title   = {Improving neural networks by preventing co-adaptation of feature detectors},
    author  = {Hinton, Geoffrey Everest and Srivastava, Nitish and Krizhevsky, Alex and Sutskever, Ilya and Salakhutdinov, Ruslan},
    year    = 2012,
    journal = {CoRR}
}

@inproceedings{ioffe2015,
    title     = {Batch Normalization: Accelerating Deep Network Training by Reducing Internal Covariate Shift},
    author    = {Ioffe, Sergey and Szegedy, Christian},
    year      = 2015,
    booktitle = {Proceedings of the 32nd International Conference on International Conference on Machine Learning},
    publisher = {Journal of Machine Learning Research},
    pages     = {448--456}
}
